%% This BibTeX bibliography file was created using BibDesk.
%% http://bibdesk.sourceforge.net/


%% Created for Nicolas Stucki at 2015-01-09 16:12:41 +0100 


%% Saved with string encoding Unicode (UTF-8) 



@misc{collect11,
	Author = {Prokopec, Aleksandar and Rompf, Tiark and Bagwell, Phil and Odersky, Martin},
	Date-Added = {2015-01-09 15:01:12 +0000},
	Date-Modified = {2015-01-09 15:01:12 +0000},
	Ref = {EPFL-REPORT-165523},
	Title = {On A Generic Parallel Collection Framework},
	Year = 2011}

@incollection{Prokopec:2014aa,
	Author = {Prokopec, Aleksandar and Odersky, Martin},
	Booktitle = {Languages and Compilers for Parallel Computing},
	Date-Added = {2015-01-09 14:54:04 +0000},
	Date-Modified = {2015-01-09 15:12:41 +0000},
	Doi = {10.1007/978-3-319-09967-5_4},
	Isbn = {978-3-319-09966-8},
	Language = {English},
	Pages = {55-86},
	Publisher = {Springer International Publishing},
	Series = {Lecture Notes in Computer Science},
	Title = {Near Optimal Work-Stealing Tree Scheduler for Highly Irregular Data-Parallel Workloads},
	Url = {http://dx.doi.org/10.1007/978-3-319-09967-5_4},
	Year = {2014},
	Bdsk-Url-1 = {http://dx.doi.org/10.1007/978-3-319-09967-5_4}}

@article{DBLP:journals/jfp/HinzeP06,
	Author = {Ralf Hinze and Ross Paterson},
	Bibsource = {dblp computer science bibliography, http://dblp.org},
	Biburl = {http://dblp.uni-trier.de/rec/bib/journals/jfp/HinzeP06},
	Date-Added = {2015-01-09 14:47:21 +0000},
	Date-Modified = {2015-01-09 14:47:21 +0000},
	Doi = {10.1017/S0956796805005769},
	Journal = {J. Funct. Program.},
	Number = {2},
	Pages = {197--217},
	Timestamp = {Tue, 20 Feb 2007 15:39:04 +0100},
	Title = {Finger trees: a simple general-purpose data structure},
	Url = {http://dx.doi.org/10.1017/S0956796805005769},
	Volume = {16},
	Year = {2006},
	Bdsk-Url-1 = {http://dx.doi.org/10.1017/S0956796805005769}}

@article{SPE:SPE4380251203,
	Author = {Boehm, Hans-J. and Atkinson, Russ and Plass, Michael},
	Date-Added = {2015-01-09 14:42:29 +0000},
	Date-Modified = {2015-01-09 14:42:29 +0000},
	Doi = {10.1002/spe.4380251203},
	Issn = {1097-024X},
	Journal = {Software: Practice and Experience},
	Keywords = {character strings, concatenation, Cedar, immutable, C, balanced trees},
	Number = {12},
	Pages = {1315--1330},
	Publisher = {John Wiley & Sons, Ltd.},
	Title = {Ropes: An alternative to strings},
	Url = {http://dx.doi.org/10.1002/spe.4380251203},
	Volume = {25},
	Year = {1995},
	Bdsk-Url-1 = {http://dx.doi.org/10.1002/spe.4380251203}}

@inproceedings{4637966,
	Author = {Phil Bagwell},
	Booktitle = {Implementation of Functional Languages},
	Date-Added = {2015-01-09 14:20:50 +0000},
	Date-Modified = {2015-01-09 14:20:50 +0000},
	Masid = {4637966},
	Title = {{Fast Functional Lists, Hash-Lists, Deques and Variable Length Arrays}}}

@article{Driscoll:1989:MDS:64313.64317,
	Acmid = {64317},
	Address = {Orlando, FL, USA},
	Author = {Driscoll, James R. and Sarnak, Neil and Sleator, Daniel D. and Tarjan, Robert E.},
	Date-Added = {2015-01-09 14:17:57 +0000},
	Date-Modified = {2015-01-09 14:17:57 +0000},
	Doi = {10.1016/0022-0000(89)90034-2},
	Issn = {0022-0000},
	Issue_Date = {February 1989},
	Journal = {J. Comput. Syst. Sci.},
	Month = feb,
	Number = {1},
	Numpages = {39},
	Pages = {86--124},
	Publisher = {Academic Press, Inc.},
	Title = {Making Data Structures Persistent},
	Url = {http://dx.doi.org/10.1016/0022-0000(89)90034-2},
	Volume = {38},
	Year = {1989},
	Bdsk-Url-1 = {http://dx.doi.org/10.1016/0022-0000(89)90034-2}}

@inproceedings{Lea:2000:JFF:337449.337465,
	Acmid = {337465},
	Address = {New York, NY, USA},
	Author = {Lea, Doug},
	Booktitle = {Proceedings of the ACM 2000 Conference on Java Grande},
	Date-Added = {2015-01-09 14:12:51 +0000},
	Date-Modified = {2015-01-09 14:12:51 +0000},
	Doi = {10.1145/337449.337465},
	Isbn = {1-58113-288-3},
	Location = {San Francisco, California, USA},
	Numpages = {8},
	Pages = {36--43},
	Publisher = {ACM},
	Series = {JAVA '00},
	Title = {A Java Fork/Join Framework},
	Url = {http://doi.acm.org/10.1145/337449.337465},
	Year = {2000},
	Bdsk-Url-1 = {http://doi.acm.org/10.1145/337449.337465},
	Bdsk-Url-2 = {http://dx.doi.org/10.1145/337449.337465}}

@misc{scalameter,
	Date-Added = {2015-01-06 09:00:47 +0000},
	Date-Modified = {2015-01-06 09:02:49 +0000},
	Howpublished = {\url{https://scalameter.github.io/}},
	Title = {Scala{M}eter}}

@misc{scalaVector211,
	Howpublished = {\url{https://github.com/scala/scala/blob/394da59828b830f639d2418960052655d9dd040a/src/library/scala/collection/immutable/Vector.scala}},
	Title = {{G}it{H}ub - {S}cala 2.11 - {V}ector.scala}}

@misc{scalaParVector211,
	Howpublished = {\url{https://github.com/scala/scala/blob/f4267ccd96a9143c910c66a5b0436aaa64b7c9dc/src/library/scala/collection/parallel/immutable/ParVector.scala}},
	Title = {{G}it{H}ub - {S}cala 2.11 - {P}ar{V}ector.scala}}

@techreport{RRBTrees,
	Author = {Phil Bagwell, Tiark Rompf},
	Institution = {EPFL},
	Title = {{R}{R}{B}-{T}rees: Efficient {I}mmutable {V}ectors},
	Year = {2011}}

@mastersthesis{lorange2014rrb,
	Author = {L'orange, Jean Niklas},
	Month = {June},
	School = {Norwegian University of Science and Technology},
	Title = {{Improving RRB-Tree Performance through Transience}},
	Year = {2014}}
